<?xml version="1.0" encoding="UTF-8"?><collection xmlns="http://www.loc.gov/MARC21/slim"><record><leader>00639nam--2200193-i-4500</leader><controlfield tag="001">000046638</controlfield><controlfield tag="002">20161230</controlfield><controlfield tag="005">20161230201046</controlfield><controlfield tag="008">060222s1000------------r-----000-0-rum-d</controlfield><datafield ind1=" " ind2=" " tag="040"><subfield code="a">IFIN-HH</subfield></datafield><datafield ind1=" " ind2=" " tag="041"><subfield code="a">rum</subfield></datafield><datafield ind1=" " ind2=" " tag="080"><subfield code="a">539.4</subfield></datafield><datafield ind1="1" ind2=" " tag="100"><subfield code="a">Veselovski, I.N</subfield></datafield><datafield ind1="1" ind2="0" tag="245"><subfield code="a">Mecanica si rezistenta materialelor</subfield><subfield code="b">Traducere din limba rusa. manual pentru uzul scolilor medii tehnice</subfield><subfield code="c">I.n. veselovski</subfield></datafield><datafield ind1=" " ind2=" " tag="260"><subfield code="a">/Bucuresti</subfield><subfield code="b">Editura Tehnica</subfield><subfield code="c">1952</subfield></datafield><datafield ind1=" " ind2=" " tag="300"><subfield code="a">672P.CU ILUSTR</subfield></datafield><datafield ind1=" " ind2=" " tag="500"><subfield code="a">Titlul Original In Limba Rusa: Kurs Mehaniki V Elementarnom Islojenii Dlia Samoobrazovania</subfield></datafield><datafield ind1=" " ind2=" " tag="852"><subfield code="a">2759</subfield><subfield code="c">539.4</subfield></datafield><datafield ind1=" " ind2=" " tag="CAT"><subfield code="a">Sys</subfield><subfield code="c">20130128</subfield><subfield code="h">120354</subfield></datafield></record></collection>